@preamble{"\newcommand{\noopsort}[1]{}"}

@string{elsevier = {Elsevier Science Publishers}}
@string{usenix = {USENIX}}
@string{acm =   "ACM Press"}
@string{cacm =  "Communications of the ACM"}
@string{tsi = "Technique et science informatique"}
@string{sv = "Springer"}
@string{lncs =  "LNCS"}	
@string{sigplan = "ACM SIGPLAN Notices"}
@string{kap = "Kluwer Academic Publishers"}
@string{ieee = "IEEE Computer Society Press"}
@string{toplas = "ACM Transactions on Programming Languages and Systems (TOPLAS)"}
@string{tse = "IEEE Transactions on Software Engineering"},
@string{wiley = "Wiley \& Sons"}
@string{proc = "Proceedings"}
@string{intl = "International"}
@string{entcs = "Electronic Notes in Theoretical Computer Science"}
@string{mark = {{\noopsort{Brand}van den Brand}, Mark G. J.}}
@string{spe = "Software: Practice \& Experience"}
